% Encoding: UTF-8

@Article{swart2020situ,
  author    = {Swart, Bert and Zhao, Yubin and Khaku, Mohammed and Che, Eric and Maltby, Richard and Chew, YM John and Wenk, Jannis},
  title     = {In situ characterisation of size distribution and rise velocity of microbubbles by high-speed photography},
  journal   = {Chemical Engineering Science},
  year      = {2020},
  volume    = {225},
  pages     = {115836},
  publisher = {Elsevier},
}

@Article{han2002development,
  author    = {Han, MY and Park, YH and Yu, TJ},
  title     = {Development of a new method of measuring bubble size},
  journal   = {Water Science and Technology: Water Supply},
  year      = {2002},
  volume    = {2},
  number    = {2},
  pages     = {77--83},
  publisher = {IWA Publishing},
}

@Article{li2016gas,
  author    = {Li, Xiangyang and Li, Pingping and Zu, Liangzhu and Yang, Chao},
  title     = {Gas-Liquid Mass Transfer Characteristics with Microbubble Aeration--I. Standard Stirred Tank},
  journal   = {Chemical Engineering And Technology},
  year      = {2016},
  volume    = {39},
  number    = {5},
  pages     = {945--952},
  publisher = {Wiley Online Library},
}

@Article{rehman2015fluidic,
  author    = {Rehman, Fahad and Medley, Gareth JD and Bandulasena, Hemaka and Zimmerman, William BJ},
  title     = {Fluidic oscillatormediated microbubble generation to provide cost effective mass transfer and mixing efficiency to the wastewater treatment plants},
  journal   = {Environmental research},
  year      = {2015},
  volume    = {137},
  pages     = {32--39},
  publisher = {Elsevier},
}

@Article{parmar2015terminal,
  author    = {Parmar, Rajeev and Majumder, Subrata Kumar},
  title     = {Terminal rise velocity, size distribution and stability of microbubble suspension},
  journal   = {Asia-Pacific Journal of Chemical Engineering},
  year      = {2015},
  volume    = {10},
  number    = {3},
  pages     = {450--465},
  publisher = {Wiley Online Library},
}

@Article{cheng2016bubble,
  author    = {Cheng, G and Shi, CL and Liu, JT and Yan, XK},
  title     = {Bubble-distribution measurement in a flotation column},
  journal   = {International Journal of Coal Preparation and Utilization},
  year      = {2016},
  volume    = {36},
  number    = {5},
  pages     = {241--250},
  publisher = {Taylor And Francis},
}

@Article{reis2016study,
  author    = {Reis, Angelica S and Barrozo, Marcos AS},
  title     = {A study on bubble formation and its relation with the performance of apatite flotation},
  journal   = {Separation and Purification Technology},
  year      = {2016},
  volume    = {161},
  pages     = {112--120},
  publisher = {Elsevier},
}

@Article{song2017improved,
  author    = {Song, Pengfei and Trzasko, Joshua D and Manduca, Armando and Huang, Runqing and Kadirvel, Ramanathan and Kallmes, David F and Chen, Shigao},
  title     = {Improved super-resolution ultrasound microvessel imaging with spatiotemporal nonlocal means filtering and bipartite graph-based microbubble tracking},
  journal   = {IEEE transactions on ultrasonics, ferroelectrics, and frequency control},
  year      = {2017},
  volume    = {65},
  number    = {2},
  pages     = {149--167},
  publisher = {IEEE},
}

@Article{ahmadi2014nano,
  author    = {Ahmadi, Rahman and Khodadadi, Darban Ahmad and Abdollahy, Mahmoud and Fan, Maoming},
  title     = {Nano-microbubble flotation of fine and ultrafine chalcopyrite particles},
  journal   = {International Journal of Mining Science and Technology},
  year      = {2014},
  volume    = {24},
  number    = {4},
  pages     = {559--566},
  publisher = {Elsevier},
}

@Article{aumelas2016micro,
  author       = {Aumelas, Vivien and Lecoffre, Yves and Maj, Guillaume and Franc, J-P},
  title        = {Micro-bubbles seeding for flow characterization},
  year         = {2016},
  volume       = {49},
  number       = {6},
  pages        = {062005},
  booktitle    = {IOP Conference Series: Earth and Environmental Science},
  organization = {IOP Publishing},
}

@Article{guan2017bubble,
  author    = {Guan, Xiaoping and Yang, Ning},
  title     = {Bubble properties measurement in bubble columns: From homogeneous to heterogeneous regime},
  journal   = {Chemical Engineering Research and Design},
  year      = {2017},
  volume    = {127},
  pages     = {103--112},
  publisher = {Elsevier},
}

@Article{ghannadi2019experimental,
  author    = {Ghannadi, M and Saghravani, SF and Niazmand, H},
  title     = {Experimental Analysis of Micro-Nano Bubble Formation inside Venturi Tube with High Speed Photography and Image Processing},
  journal   = {Modares Mechanical Engineering},
  year      = {2019},
  volume    = {19},
  number    = {12},
  pages     = {3039--3049},
  publisher = {Modares Mechanical Engineering},
}

@Article{eskanlou2018interactional,
  author    = {Eskanlou, A and Khalesi, MR and Abdollahy, M and Hemmati Chegeni, M},
  title     = {Interactional effects of bubble size, particle size, and collector dosage on bubble loading in column flotation},
  journal   = {Journal of Mining and Environment},
  year      = {2018},
  volume    = {9},
  number    = {1},
  pages     = {107--116},
  publisher = {Shahrood University of Technology},
}

@Article{levitsky2021microbubbles,
  author    = {Levitsky, Inna and Tavor, Dorith and Gitis, Vitaly},
  title     = {Microbubbles and organic fouling in flat sheet ultrafiltration membranes},
  journal   = {Separation and Purification Technology},
  year      = {2021},
  pages     = {118710},
  publisher = {Elsevier},
}

@Article{jeon2018bubble,
  author    = {Jeon, Seok-Yun and Yoon, Joon-Yong and Jang, Choon-Man},
  title     = {Bubble size and bubble concentration of a microbubble pump with respect to operating conditions},
  journal   = {Energies},
  year      = {2018},
  volume    = {11},
  number    = {7},
  pages     = {1864},
  publisher = {Multidisciplinary Digital Publishing Institute},
}

@Article{sadeghi2020experimental,
  author    = {Sadeghi, Farhad and Vissers, Arno JWH and others},
  title     = {Experimental Investigation of Bubble Size in Flotation: Effect of Salt, Coagulant, Temperature, and Organic Compound},
  journal   = {SPE Production And Operations},
  year      = {2020},
  publisher = {Society of Petroleum Engineers},
}

@Article{brasileiro2020construction,
  author    = {Brasileiro, Pedro Pinto Ferreira and dos Santos, Leonardo Bandeira and Chapr{\~a}o, Marcos Jos{\'e} and de Almeida, Darne Germano and Roque, Bruno Augusto Cabral and dos Santos, Valdemir Alexandre and Sarubbo, Leonie Asfora and Benachour, Mohand and others},
  title     = {Construction of a microbubble generation and measurement unit for use in flotation systems},
  journal   = {Chemical Engineering Research and Design},
  year      = {2020},
  volume    = {153},
  pages     = {212--219},
  publisher = {Elsevier},
}

@Article{cheng2017study,
  author  = {Cheng, Gan and Shi, Changliang and Yan, Xiaokang and Zhang, Zhijun and Xu, Hongxiang and Lu, Yang},
  title   = {A study of bubble-particle interactions in a column flotation process},
  journal = {Physicochemical Problems of Mineral Processing},
  year    = {2017},
  volume  = {53},
}

@Article{reis2019effect,
  author    = {Reis, Angelica S and Reis Filho, Argileu M and Demuner, Larissa R and Barrozo, Marcos AS},
  title     = {Effect of bubble size on the performance flotation of fine particles of a low-grade Brazilian apatite ore},
  journal   = {Powder Technology},
  year      = {2019},
  volume    = {356},
  pages     = {884--891},
  publisher = {Elsevier},
}

@Article{montes2015caracterizacion,
  author    = {Montes-Luna, A de J and Fuentes-López, NC and Perera-Mercado, YA and Pérez-Camacho, O and Castruita-de León, G and García-Rodríguez, SP and García-Zamora, M},
  title     = {Caracterización de clinoptilolita natural y modificada con Ca2+ por distintos métodos físico-químicos para su posible aplicación en procesos de separación de gases},
  journal   = {Superficies y vacío},
  year      = {2015},
  volume    = {28},
  number    = {1},
  pages     = {5--11},
  publisher = {Sociedad Mexicana de Ciencia y Tecnología de Superficies y Materiales AC},
}

@Article{prieto2019revision,
  author  = {Prieto-Jiménez, Natalia and González-Silva, Germán and Chaves-Guerrero, Arlex},
  title   = {Revisión del proceso de separación de fases del gas natural a alta presión en la industria OilAndGas},
  journal = {Entramado},
  year    = {2019},
  volume  = {15},
  number  = {1},
  pages   = {312--329},
}

@PhdThesis{perez2016desarrollo,
  author = {Pérez Vidal, Antonio José},
  title  = {Desarrollo de un sistema PIV (velocímetro por imagen de partículas) didáctico},
  school = {Universitat Politécnica de Valéncia},
  year   = {2016},
}

@Article{kracht2016acoustic,
  author    = {Kracht, W and Moraga, C},
  title     = {Acoustic measurement of the bubble Sauter mean diameter d32},
  journal   = {Minerals Engineering},
  year      = {2016},
  volume    = {98},
  pages     = {122--126},
  publisher = {Elsevier},
}

@Article{orth2018dual,
  author    = {Orth, Antony and Wilson, Emma R and Thompson, JG and Gibson, Brant C},
  title     = {A dual mode mobile phone microscope using the onboard camera flash and ambient light},
  journal   = {Scientific reports},
  year      = {2018},
  volume    = {8},
  number    = {1},
  pages     = {1--8},
  publisher = {Nature Publishing Group},
}

@Article{villegas2019computational,
  author    = {Villegas Sanchez, Gabriela and Marin Hernandez, Antonio and Cerecedo Nuñez, Hector H and Rios Figueroa, Homero V and Padilla Sosa, Patricia},
  title     = {A Computational Tool for Detection and Parameters Estimation of Microbubbles Generated with Lasers in Optical Fibers},
  journal   = {Computación y Sistemas},
  year      = {2019},
  volume    = {23},
  number    = {2},
  pages     = {399--407},
  publisher = {Centro de Investigación en computación, IPN},
}

@Article{nguyen2020robust,
  author    = {Nguyen, TH and Nguyen, TL and Sidorov, Denis N and Dreglea, AI},
  title     = {A robust approach to detect gas bubbles through images analysis},
  journal   = {Intelligent Decision Technologies},
  year      = {2020},
  volume    = {14},
  number    = {2},
  pages     = {153--158},
  publisher = {IOS Press},
}

@Article{aliyu2018experimental,
  author    = {Aliyu, Aliyu M and Seo, Hyunduk and Kim, Minkyun and Kim, Kyung Chun},
  title     = {An experimental study on the characteristics of ejector-generated bubble swarms},
  journal   = {Journal of Visualization},
  year      = {2018},
  volume    = {21},
  number    = {5},
  pages     = {711--728},
  publisher = {Springer},
}

@Article{vinnett2018image,
  author    = {Vinnett, L and Sovechles, J and Gomez, CO and Waters, KE},
  title     = {An image analysis approach to determine average bubble sizes using one-dimensional Fourier analysis},
  journal   = {Minerals Engineering},
  year      = {2018},
  volume    = {126},
  pages     = {160--166},
  publisher = {Elsevier},
}

@Article{vinnett2020assessment,
  author    = {Vinnett, L and Yianatos, J and Arismendi, L and Waters, KE},
  title     = {Assessment of two automated image processing methods to estimate bubble size in industrial flotation machines},
  journal   = {Minerals Engineering},
  year      = {2020},
  volume    = {159},
  pages     = {106636},
  publisher = {Elsevier},
}

@Article{kovats2018characterizing,
  author    = {Kováts, Péter and Thévenin, Dominique and Záhringer, Katharina},
  title     = {Characterizing fluid dynamics in a bubble column aimed for the determination of reactive mass transfer},
  journal   = {Heat and Mass Transfer},
  year      = {2018},
  volume    = {54},
  number    = {2},
  pages     = {453--461},
  publisher = {Springer},
}

@Article{fanaie2020effect,
  author    = {Fanaie, Vahid Reza and Khiadani, Mehdi},
  title     = {Effect of salinity on air dissolution, size distribution of microbubbles, and hydrodynamics of a dissolved air flotation (DAF) system},
  journal   = {Colloids and Surfaces A: Physicochemical and Engineering Aspects},
  year      = {2020},
  volume    = {591},
  pages     = {124547},
  publisher = {Elsevier},
}

@Article{romachev2020flotation,
  author       = {Romachev, Artem and Kuznetsov, Valentin and Ivanov, Egor and Jórg, Benndorf},
  title        = {Flotation froth feature analysis using computer vision technology},
  year         = {2020},
  volume       = {192},
  pages        = {02022},
  booktitle    = {E3S Web of Conferences},
  organization = {EDP Sciences},
}

@Article{naveen2015hydrodynamic,
  author    = {Naveen, S and Sriram, T and Raj, S Prithvi and Venkatesan, M},
  title     = {Hydrodynamic Study of Bubbles in a Bubble Column Reactor Part I-Image Processing},
  journal   = {Applied Mechanics and Materials},
  year      = {2015},
  volume    = {813},
  pages     = {1018},
  publisher = {Trans Tech Publications Ltd.},
}

@Article{laupsien2019image,
  author    = {Laupsien, David and Le Men, Claude and Cockx, Arnaud and Liné, Alain},
  title     = {Image processing for bubble morphology characteristics in diluted bubble swarms},
  journal   = {Physics of Fluids},
  year      = {2019},
  volume    = {31},
  number    = {5},
  pages     = {053306},
  publisher = {AIP Publishing LLC},
}

@Article{Swart2020,
  author    = {Swart, Bert and Zhao, Yubin and Khaku, Mohammed and Che, Eric and Maltby, Richard and Chew, YM John and Wenk, Jannis},
  title     = {In situ characterisation of size distribution and rise velocity of microbubbles by high-speed photography},
  journal   = {Chemical Engineering Science},
  year      = {2020},
  volume    = {225},
  pages     = {115836},
  publisher = {Elsevier},
}

@Article{eskanlou2019investigation,
  author    = {Eskanlou, Amir and Khalesi, Mohammad Reza and Mirmogaddam, Morteza and Hemmati Chegeni, Mohsen and Vaziri Hassas, Behzad},
  title     = {Investigation of trajectory and rise velocity of loaded and bare single bubbles in flotation process using video processing technique},
  journal   = {Separation Science and Technology},
  year      = {2019},
  volume    = {54},
  number    = {11},
  pages     = {1795--1802},
  publisher = {Taylor AND Francis},
}

@Article{laupsien2021labelled,
  author    = {Laupsien, David and Le Men, Claude and Cockx, Arnaud and Line, Alain},
  title     = {Labelled Object Velocimetry: Simultaneous Measurements of Bubble Size and Velocity},
  journal   = {Chemical Engineering Science},
  year      = {2021},
  volume    = {230},
  pages     = {116180},
  publisher = {Elsevier},
}

@Article{kim2017measurement,
  author    = {Kim, Yu-Na and Kim, Jae Soon and Park, Goon Cherl and Cho, Hyoung Kyu},
  title     = {Measurement of sliding bubble behavior on a horizontal heated tube using a stereoscopic image processing technique},
  journal   = {International Journal of Multiphase Flow},
  year      = {2017},
  volume    = {94},
  pages     = {156--172},
  publisher = {Elsevier},
}

@Article{gulden2018online,
  author    = {Gulden, SJ and Riedele, C and Rollié, S and Kopf, M-H and Nirschl, H},
  title     = {Online bubble size analysis in micro flotation},
  journal   = {Chemical Engineering Science},
  year      = {2018},
  volume    = {185},
  pages     = {168--181},
  publisher = {Elsevier},
}

@Article{lichti2019online,
  author    = {Lichti, Markus and Cheng, Xiaoyin and Stephani, Henrike and Bart, Hans-Jórg},
  title     = {Online Detection of Ellipsoidal Bubbles by an Innovative Optical Approach},
  journal   = {Chemical Engineering AND Technology},
  year      = {2019},
  volume    = {42},
  number    = {2},
  pages     = {506--511},
  publisher = {Wiley Online Library},
}

@Article{kong2019oscillation,
  author    = {Kong, Gaopan and Mirsandi, Haryo and Buist, Kay A and Peters, EAJF and Baltussen, Maike W and Kuipers, JAM},
  title     = {Oscillation dynamics of a bubble rising in viscous liquid},
  journal   = {Experiments in Fluids},
  year      = {2019},
  volume    = {60},
  number    = {8},
  pages     = {1--13},
  publisher = {Springer},
}

@Article{zhao2021research,
  author    = {Zhao, Qian and Li, Rong-Rong and Qian, QU},
  title     = {Research on statistical detection method of micro bubbles in transparent layer of quartz crucible based on image processing},
  journal   = {Journal of Crystal Growth},
  year      = {2021},
  volume    = {556},
  pages     = {125966},
  publisher = {Elsevier},
}

@Article{gordiychuk2016size,
  author    = {Gordiychuk, Andriy and Svanera, Michele and Benini, Sergio and Poesio, Pietro},
  title     = {Size distribution and Sauter mean diameter of micro bubbles for a Venturi type bubble generator},
  journal   = {Experimental Thermal and Fluid Science},
  year      = {2016},
  volume    = {70},
  pages     = {51--60},
  publisher = {Elsevier},
}

@Article{van2020visualizing,
  author    = {van Houwelingen, Josje and Holten, Ad PC and Clercx, Herman JH and Kunnen, Rudie PJ and Molenaar, Jaap and van de Water, Willem},
  title     = {Visualizing large-scale flow using synthetic aperture PIV},
  journal   = {Experiments in fluids},
  year      = {2020},
  volume    = {61},
  number    = {1},
  pages     = {1--14},
  publisher = {Springer},
}

@Article{singh2018microalgae,
  author    = {Singh, Gulab and Patidar, SK},
  title     = {Microalgae harvesting techniques: A review},
  journal   = {Journal of environmental management},
  year      = {2018},
  volume    = {217},
  pages     = {499--508},
  publisher = {Elsevier},
}

@Article{temesgen2017micro,
  author    = {Temesgen, Tatek and Bui, Thi Thuy and Han, Mooyoung and Kim, Tschung-il and Park, Hyunju},
  title     = {Micro and nanobubble technologies as a new horizon for water-treatment techniques: A review},
  journal   = {Advances in colloid and interface science},
  year      = {2017},
  volume    = {246},
  pages     = {40--51},
  publisher = {Elsevier},
}

@Article{khuntia2012microbubble,
  author    = {Khuntia, Snigdha and Majumder, Subrata Kumar and Ghosh, Pallab},
  title     = {Microbubble-aided water and wastewater purification: a review},
  journal   = {Reviews in Chemical Engineering},
  year      = {2012},
  volume    = {28},
  number    = {4-6},
  pages     = {191--221},
  publisher = {De Gruyter},
}

@Article{show2019algal,
  author    = {Show, Kuan-Yeow and Yan, Yue-Gen and Lee, Duu-Jong},
  title     = {Algal biomass harvesting and drying},
  journal   = {Biofuels from Algae},
  year      = {2019},
  pages     = {135--166},
  publisher = {Elsevier},
}

@Article{lewis2012using,
  author    = {Lewis, John},
  title     = {Using optics to optimize your machine vision application: explaining the fundamentals of using optics to optimize a machine vision application},
  journal   = {Quality},
  year      = {2012},
  volume    = {51},
  number    = {13},
  pages     = {4VS--4VS},
  publisher = {BNP Media},
}

@Article{Vision2018,
  author = {Cognex Corporation},
  title  = {Introducción a la visión artifical una guía para la automatización de procesos y mejorar la calidad},
  year   = {2018},
}

@Article{aldalur2002realce,
  author  = {Aldalur, B and Santamar{\'\i}a, M},
  title   = {Realce de im{\'a}genes: filtrado espacial},
  journal = {Revista de teledetecci{\'o}n},
  year    = {2002},
  volume  = {17},
  pages   = {31--42},
}

@Article{gonzalez2002digital,
  author    = {Gonzalez, Rafael C and Woods, Richard E and Masters, Barry R},
  title     = {Digital image processing},
  year      = {2002},
  publisher = {Society of Photo-Optical Instrumentation Engineers},
}

@Article{martinezsistema,
  author    = {Martínez Susunaga, Jonathan},
  title     = {Sistema de visión artificial para la detección de espacio ocupado en lugares cerrados},
  publisher = {Universidad Santo Tomás},
}

@Article{tello2006vision,
  author  = {Tello, Jesús Cáceres},
  title   = {La visión artificial y las operaciones morfológicas en imágenes binarias},
  journal = {Una Perspectiva de la Inteligencia Artificial en su 50 Aniversario},
  year    = {2006},
  pages   = {570},
}

@Article{rebaza2007deteccion,
  author  = {Rebaza, Jorge Valverde},
  title   = {Detección de bordes mediante el algoritmo de Canny},
  journal = {Escuela Académico Profesional di Informática. Universidad Nacional de Trujillo},
  year    = {2007},
  volume  = {4},
}

@Article{edzwald2010dissolved,
  author    = {Edzwald, James K},
  title     = {Dissolved air flotation and me},
  journal   = {Water research},
  year      = {2010},
  volume    = {44},
  number    = {7},
  pages     = {2077--2106},
  publisher = {Elsevier},
}

@Article{van1995dissolved,
  author    = {Van Puffelen, Jan and Buijs, Paul J and Nuhn, Peter NAM and Hijnen, Wim AM},
  title     = {Dissolved air flotation in potable water treatment: the Dutch experience},
  journal   = {Water Science and Technology},
  year      = {1995},
  volume    = {31},
  number    = {3-4},
  pages     = {149--157},
  publisher = {Elsevier},
}

@Article{munoz2021dissolved,
  author  = {Muñoz-Alegría, Jeimmy Adriana and Muñoz-España, Elena and Flórez-Marulanda, Juan Fernando},
  title   = {Dissolved Air Flotation: A Review from the Perspective of System Parameters and Uses in Wastewater Treatment},
  journal = {TecnoLógicas},
  year    = {2021},
  volume  = {24},
  number  = {52},
  pages   = {e2111--e2111},
}

@Article{ansari2018performance,
  author    = {Ansari, Sepideh and Alavi, Javad and Yaseen, Zaher Mundher},
  title     = {Performance of full-scale coagulation-flocculation/DAF as a pre-treatment technology for biodegradability enhancement of high strength wastepaper-recycling wastewater},
  journal   = {Environmental Science and Pollution Research},
  year      = {2018},
  volume    = {25},
  number    = {34},
  pages     = {33978--33991},
  publisher = {Springer},
}

@Article{azevedo2018treatment,
  author    = {Azevedo, A and Oliveira, HA and Rubio, J},
  title     = {Treatment and water reuse of lead-zinc sulphide ore mill wastewaters by high rate dissolved air flotation},
  journal   = {Minerals Engineering},
  year      = {2018},
  volume    = {127},
  pages     = {114--121},
  publisher = {Elsevier},
}

@Article{mofrad2020situ,
  author    = {Mofrad, Mohammad Mehdi Golbini and Pourzamani, Hamidreza and Amin, Mohammad Mehdi and Parseh, Iman and Alipour, Mohammadreza},
  title     = {In situ treatment of metalworking wastewater by chemical addition-dissolved air flotation coupled with UV, H2O2 AND ZnO},
  journal   = {Heliyon},
  year      = {2020},
  volume    = {6},
  number    = {1},
  pages     = {e03091},
  publisher = {Elsevier},
}

@Article{radzuan2016removal,
  author    = {Radzuan, MR Aliff and Belope, MA Abia-Biteo and Thorpe, RB},
  title     = {Removal of fine oil droplets from oil-in-water mixtures by dissolved air flotation},
  journal   = {Chemical Engineering Research and Design},
  year      = {2016},
  volume    = {115},
  pages     = {19--33},
  publisher = {Elsevier},
}

@Article{zhang2021advanced,
  author    = {Zhang, Linyan},
  title     = {Advanced treatment of oilfield wastewater by a combination of DAF, yeast bioreactor, UASB, and BAF processes},
  journal   = {Separation Science and Technology},
  year      = {2021},
  volume    = {56},
  number    = {4},
  pages     = {779--788},
  publisher = {Taylor AND Francis},
}

@Article{BILRAE121,
  author   = {·BILRAE· Real Academia Española},
  title    = {Unidad interactiva del DRAE},
  journal  = {Boletín de Información Lingüística de la Real Academia Española},
  year     = {2022},
  volume   = {0},
  number   = {2},
  pages    = {1--18},
  keywords = {Diccionario; académico; Instituto de Lexicografía}
}

@Article{forero1999diseno,
  author    = {Forero, Jorge Enrique and Diaz, J and Blandón, VR},
  title     = {Diseño de un nuevo sistema de flotación para tratamiento de aguas industriales},
  journal   = {CT AND F-Ciencia, Tecnología y Futuro},
  year      = {1999},
  volume    = {1},
  number    = {5},
  pages     = {67--75},
  publisher = {Instituto Colombiano del Petróeo (ICP)-ECOPETROL SA},
}

@Article{salas2017,
  author  = {Ramírez, Emma Oliva},
  title   = {DETERMINACIÓN DEL ÁREA INTERFACIAL ESPECÍFI-CA LOCAL EN BIORREACTORES POR UN MÉTODO ELECTRÓPTICO.},
  journal = {Instituto Politécnico Nacional},
  year    = {2017},
  month   = oct
}

@Article{de1994bubble,
  author    = {De Rijk, Sander E and den Blanken, Jan G and others},
  title     = {Bubble size in flotation thickening},
  journal   = {Water Research},
  year      = {1994},
  volume    = {28},
  number    = {2},
  pages     = {465--473},
  publisher = {Elsevier},
}

@Article{strickland1980laboratory,
  author    = {Strickland, WT},
  title     = {Laboratory results of cleaning produced water by gas flotation},
  journal   = {Society of Petroleum Engineers Journal},
  year      = {1980},
  volume    = {20},
  number    = {03},
  pages     = {175--190},
  publisher = {OnePetro},
}

@Article{reProyection,
  author = {Descripción del error de reproyección},
  title  = {OpenCV Introduction},
  year   = {2022},
  month  = dec,
  note   = {[Accessed: 18-jan-2022]},
  url    = {https://docs.opencv.org/4.5.5/d1/dfb/intro.html},
}

@Article{magana2017estimacion,
  author    = {Magaña, JB and Atoche, JR and Molina, JC and Blanco, M and Péez, E},
  title     = {Estimación de la distancia a un objeto con visión computacional},
  journal   = {Ingeniería},
  year      = {2017},
  volume    = {21},
  number    = {2},
  pages     = {31--40},
  publisher = {Universidad Autónoma de Yucatán},
}

@Article{legua2013seguimiento,
  author = {Legua Cruz, Carlos},
  title  = {Seguimiento automático de objetos en sistemas con múltiples cámaras},
  year   = {2013},
  type   = {B S thesis},
}

@Book{tsuge2019micro,
  title     = {Micro-and Nanobubbles: Fundamentals and Applications},
  publisher = {Pan Stanford},
  year      = {2019},
  author    = {Tsuge, Hideki},
}

@Article{peleka2018perspective,
  author    = {Peleka, Efrosyni N and Gallios, George P and Matis, Kostas A},
  title     = {A perspective on flotation: a review},
  journal   = {Journal of Chemical Technology \& Biotechnology},
  year      = {2018},
  volume    = {93},
  number    = {3},
  pages     = {615--623},
  publisher = {Wiley Online Library},
}

@Article{agarwal2011principle,
  author    = {Agarwal, Ashutosh and Ng, Wun Jern and Liu, Yu},
  title     = {Principle and applications of microbubble and nanobubble technology for water treatment},
  journal   = {Chemosphere},
  year      = {2011},
  volume    = {84},
  number    = {9},
  pages     = {1175--1180},
  publisher = {Elsevier},
}

@Article{ISO2020,
  author = {ISO},
  title  = {ISO/TC 281 Fine bubble technology},
  year   = {2022},
  month  = jan,
  note   = {[Accessed: 10-jan-2022]},
  url    = {https://www.iso.org/committee/4856666.html},
}

@Article{osio2011desarrollo,
  author    = {Osio, Jorge and Aróztegui, Walter and Rapallini, José A and Quijano, Antonio A and Ocampo, Jesús},
  title     = {Desarrollo de Algoritmos de Procesamiento de Imágenes Basados en “Operadores de Ventana” sobre una FPGA},
  year      = {2011},
  booktitle = {XVII Workshop de Iberchip (Bogotá, febrero de 2011)},
}

@Article{maoming2010nanobubble,
  author    = {Maoming, FAN and Daniel, TAO and Honaker, Rick and Zhenfu, LUO},
  title     = {Nanobubble generation and its application in froth flotation (part I): nanobubble generation and its effects on properties of microbubble and millimeter scale bubble solutions},
  journal   = {Mining Science and Technology (China)},
  year      = {2010},
  volume    = {20},
  number    = {1},
  pages     = {1--19},
  publisher = {Elsevier},
}

@Article{sadatomi2005performance,
  author    = {Sadatomi, M and Kawahara, A and Kano, K and Ohtomo, A},
  title     = {Performance of a new micro-bubble generator with a spherical body in a flowing water tube},
  journal   = {Experimental Thermal and Fluid Science},
  year      = {2005},
  volume    = {29},
  number    = {5},
  pages     = {615--623},
  publisher = {Elsevier},
}

@Article{maeda2015generation,
  author    = {Maeda, Yasunari and Hosokawa, Shigeo and Baba, Yuji and Tomiyama, Akio and Ito, Yoshihiro},
  title     = {Generation mechanism of micro-bubbles in a pressurized dissolution method},
  journal   = {Experimental Thermal and Fluid Science},
  year      = {2015},
  volume    = {60},
  pages     = {201--207},
  publisher = {Elsevier},
}

@Article{lente,
  author  = {AMIR-US Direct},
  title   = {Lente de cámara de teléfono},
  journal = {AMAZON},
  year    = {2016},
  month   = mar,
  note    = {[Accessed: 17-Mar-2022]},
  url     = {https://www.amazon.com/-/es/teléfono-mejorado-angular-profesional-compatible/dp/B01D1CDW9O?th=1},
}

@Article{tripode,
  author  = {Brand: Invero},
  title   = {Invero Aluminium Mini},
  journal = {AMAZON},
  year    = {2014},
  month   = jul,
  note    = {[Accessed: 17-mar-2022]},
  url     = {https://www.amazon.co.uk/Invero-Aluminium-Table-Top-features-Indicator},
}

@Article{lampara,
  title   = {Panel Led 12w},
  journal = {Mercado libre},
  note    = {[Accessed: 17-mar-2022]},
  url     = {https://articulo.mercadolibre.com.co/MCO-832552318-panel-led-12w-cuadrado-sp-luz-dia-karluz-kl-2201},
}

@Article{Hawei,
  author = {Huawei},
  title  = {HUAWEI P30 Pro},
  year   = {2019},
  month  = mar,
  note   = {[Accessed: 01-mar-2022]},
  url    = {https://consumer.huawei.com/mx/phones/p30-pro/specs/},
}

@Article{Matlab2022,
  author = {The MathWorks, Inc},
  title  = {Flood-Fill Operations},
  year   = {2022},
  note   = {[Accessed: 26-jul-2022]},
  url    = {https://la.mathworks.com/help/images/flood-fill-operations.html},
}

@Article{opencvCam20222,
  author = {Satya Mallick, Kaustubh Sadekar},
  title  = {Calibración de la cámara con OpenCV},
  year   = {2020},
  month  = feb,
  note   = {[Accessed: 27-jul-2022]},
  url    = {https://learnopencv.com/camera-calibration-using-opencv/},
}

@Article{cilek2003effects,
  author    = {Cilek, EC and Y{\i}lmazer, BZ},
  journal   = {Minerals Engineering},
  title     = {Effects of hydrodynamic parameters on entrainment and flotation performance},
  year      = {2003},
  number    = {8},
  pages     = {745--756},
  volume    = {16},
  publisher = {Elsevier},
}

@Article{park2017simple,
  author    = {Park, Sung Hoon and Park, Changhwan and Lee, JinYong and Lee, Byungchul},
  journal   = {Nuclear Engineering and Technology},
  title     = {A simple parameterization for the rising velocity of bubbles in a liquid pool},
  year      = {2017},
  number    = {4},
  pages     = {692--699},
  volume    = {49},
  publisher = {Elsevier},
}

@Article{pistori2005hough,
  author    = {Pistori, Hemerson and Pistori, Jeferson and Costa, Eduardo Rocha},
  title     = {Hough-circles: Um módulo de deteccao de circunferencias para o imagej},
  year      = {2005},
  booktitle = {Workshop Software Livre, Porto Alegre. Anais do 6o Workshop de Software Livre},
}

@Article{opencv2021,
  author = {DoxyGen},
  title  = {OpenCV Introduction},
  year   = {2021},
  month  = aug,
  note   = {[Accessed: 18-jul-2022]},
  url    = {https://calib.io/blogs/knowledge-base/understanding-reprojection-errors},
}

@Comment{jabref-meta: databaseType:bibtex;}
